<?xml version="1.0" encoding="UTF-8"?><record xmlns="http://www.loc.gov/MARC21/slim" xmlns:cinclude="http://apache.org/cocoon/include/1.0" xmlns:zs="http://www.loc.gov/zing/srw/">
  <leader>01137cz  a2200157n  4500</leader>
  <controlfield tag="001">n 2014047926</controlfield>
  <controlfield tag="003">DLC</controlfield>
  <controlfield tag="005">20150102075503.0</controlfield>
  <controlfield tag="008">140808n| azannaabn          |a ana      </controlfield>
  <datafield tag="010" ind1=" " ind2=" ">
    <subfield code="a">n 2014047926</subfield>
  </datafield>
  <datafield tag="040" ind1=" " ind2=" ">
    <subfield code="a">DLC</subfield>
    <subfield code="b">eng</subfield>
    <subfield code="c">DLC</subfield>
    <subfield code="e">rda</subfield>
    <subfield code="d">DLC</subfield>
  </datafield>
  <datafield tag="111" ind1="2" ind2=" ">
    <subfield code="a">Socialist Peace Congress</subfield>
  </datafield>
  <datafield tag="411" ind1="2" ind2=" ">
    <subfield code="a">Socialist Parties of the Non-Belligerent Countries Conference</subfield>
  </datafield>
  <datafield tag="670" ind1=" " ind2=" ">
    <subfield code="a">Het socialistisch vredescongres te Kopenhagen, 1915:</subfield>
    <subfield code="b">poster caption (Het socialistisch vredescongres te Kopenhagen)</subfield>
  </datafield>
  <datafield tag="670" ind1=" " ind2=" ">
    <subfield code="a">Wikipedia, accessed via Google, August 8, 2014</subfield>
    <subfield code="b">article for Neutral Socialist Conferences during the First World War (During the First World War there were three conferences of the Socialist parties of the non-belligerent countries. Lugano in 1914, Copenhagen in 1915 and The Hague in 1916)</subfield>
  </datafield>
  <datafield tag="670" ind1=" " ind2=" ">
    <subfield code="a">Charles Sturt University, NSW HSC online, accessed January 2, 2015</subfield>
    <subfield code="b">Le Cornu, Daryl "The Stockholm Conference May-July 1917"  (The persistent quest by socialist groups in all the belligerent countries to meet together at Stockholm to discuss proposals for ending the war; represented one of a number of serious attempts to end the war in 1917)</subfield>
  </datafield>
</record>